% This file was created with JabRef 2.11.1.
% Encoding: MacRoman


@Article{ackrill2011multiple,
  Title                    = {Multiple streams in EU policy-making: the case of the 2005 sugar reform},
  Author                   = {Ackrill, Robert and Kay, Adrian},
  Journal                  = {Journal of European Public Policy},
  Year                     = {2011},
  Number                   = {1},
  Pages                    = {72--89},
  Volume                   = {18},
  Publisher                = {Taylor \& Francis}
}

@Article{aldea2004scope,
  Title                    = {The scope of application of multi-agent systems in the process industry: three case studies},
  Author                   = {Aldea, Arantza and Ba{\~n}ares-Alc{\'a}ntara, Ren{\'e} and Jim{\'e}nez, Laureano and Moreno, Antonio and Mart{\i}nez, J and Ria{\~n}o, David},
  Journal                  = {Expert Systems with Applications},
  Year                     = {2004},
  Number                   = {1},
  Pages                    = {39--47},
  Volume                   = {26},
  Publisher                = {Elsevier}
}

@Article{alink2001institutional,
  Title                    = {Institutional crises and reforms in policy sectors: the case of asylum policy in Europe},
  Author                   = {Alink, Fleur and Boin, Arjen and t'Hart, Paul},
  Journal                  = {Journal of European Public Policy},
  Year                     = {2001},
  Number                   = {2},
  Pages                    = {286--306},
  Volume                   = {8},
  Publisher                = {Taylor \& Francis}
}

@Book{allison1971essence,
  Title                    = {Essence of decision: Explaining the Cuban missile crisis},
  Author                   = {Allison, Graham Tillett and Allison, Graham T and Aguero Martinez, Maria Oslaida and Aguado Barrena, Obdulia Maria and Vargas Pallares, Ricardo and Cordov de Armas, Lucas and Garcia Garcia, Gerardo Luis and Alonso, Nunez and Espinaco Valdes, Javier and Valdes, Javier Espinaco and others},
  Publisher                = {e-libro, Corp.},
  Year                     = {1971},
  Number                   = {327.5 (729.1)}
}

@Article{argyris2003life,
  Title                    = {A life full of learning},
  Author                   = {Argyris, Chris},
  Journal                  = {Organization Studies},
  Year                     = {2003},
  Number                   = {7},
  Pages                    = {1178--1193},
  Volume                   = {24},
  Publisher                = {Sage Publications, Inc.}
}

@Book{axelrod2015structure,
  Title                    = {Structure of decision: The cognitive maps of political elites},
  Author                   = {Axelrod, Robert},
  Publisher                = {Princeton university press},
  Year                     = {2015}
}

@Book{axelrod2006evolution,
  Title                    = {The evolution of cooperation},
  Author                   = {Axelrod, Robert M},
  Publisher                = {Basic books},
  Year                     = {2006}
}

@Article{bak1988self,
  Title                    = {Self-organized criticality},
  Author                   = {Bak, Per and Tang, Chao and Wiesenfeld, Kurt},
  Journal                  = {Physical review A},
  Year                     = {1988},
  Number                   = {1},
  Pages                    = {364},
  Volume                   = {38},
  Publisher                = {APS}
}

@Article{bandura2011social,
  Title                    = {Social cognitive theory},
  Author                   = {Bandura, Albert},
  Journal                  = {Handbook of social psychological theories},
  Year                     = {2011},
  Pages                    = {349--373}
}

@Book{bardach1998getting,
  Title                    = {Getting agencies to work together: The practice and theory of managerial craftsmanship},
  Author                   = {Bardach, Eugene},
  Publisher                = {Brookings Institution Press},
  Year                     = {1998}
}

@Article{barreteau2010framework,
  Title                    = {A framework for clarifying participation in participatory research to prevent its rejection for the wrong reasons},
  Author                   = {Barreteau, Olivier and Bots, P and Daniell, Katherine},
  Journal                  = {Ecology and Society},
  Year                     = {2010},
  Number                   = {2},
  Pages                    = {22--p},
  Volume                   = {15}
}

@Article{baumgartner2014punctuated,
  Title                    = {Punctuated equilibrium theory: Explaining stability and change in public policymaking},
  Author                   = {Baumgartner, Frank R and Jones, Bryan D and Mortensen, Peter B},
  Journal                  = {Theories of the policy process},
  Year                     = {2014},
  Pages                    = {59--103},
  Publisher                = {Westview Press Boulder, CO}
}

@InProceedings{bechhofer2001oiled,
  Title                    = {OilEd: a reason-able ontology editor for the semantic web},
  Author                   = {Bechhofer, Sean and Horrocks, Ian and Goble, Carole and Stevens, Robert},
  Booktitle                = {Annual Conference on Artificial Intelligence},
  Year                     = {2001},
  Organization             = {Springer},
  Pages                    = {396--408}
}

@Article{bednar2007can,
  Title                    = {Can game (s) theory explain culture? The emergence of cultural behavior within multiple games},
  Author                   = {Bednar, Jenna and Page, Scott},
  Journal                  = {Rationality and Society},
  Year                     = {2007},
  Number                   = {1},
  Pages                    = {65--97},
  Volume                   = {19},
  Publisher                = {Sage Publications}
}

@Article{bendor1995model,
  Title                    = {A model of muddling through},
  Author                   = {Bendor, Jonathan},
  Journal                  = {American Political Science Review},
  Year                     = {1995},
  Number                   = {04},
  Pages                    = {819--840},
  Volume                   = {89},
  Publisher                = {Cambridge Univ Press}
}

@InProceedings{bendor2001recycling,
  Title                    = {Recycling the garbage can: An assessment of the research program},
  Author                   = {Bendor, Jonathan},
  Booktitle                = {American Political Science Association},
  Year                     = {2001},
  Number                   = {01},
  Organization             = {Cambridge Univ Press},
  Pages                    = {169--190},
  Volume                   = {95}
}

@Article{bennett1992lessons,
  Title                    = {The lessons of learning: Reconciling theories of policy learning and policy change},
  Author                   = {Bennett, Colin J and Howlett, Michael},
  Journal                  = {Policy sciences},
  Year                     = {1992},
  Number                   = {3},
  Pages                    = {275--294},
  Volume                   = {25},
  Publisher                = {Springer}
}

@Article{berry2005using,
  Title                    = {Using geographic information systems to study interstate competition},
  Author                   = {Berry, William D and Baybeck, Brady},
  Journal                  = {American Political Science Review},
  Year                     = {2005},
  Number                   = {04},
  Pages                    = {505--519},
  Volume                   = {99},
  Publisher                = {Cambridge Univ Press}
}

@Article{birkland2004world,
  Title                    = {"The World Changed Today": Agenda-Setting and Policy Change in the Wake of the September 11 Terrorist Attacks},
  Author                   = {Birkland, Thomas A},
  Journal                  = {Review of Policy Research},
  Year                     = {2004},
  Number                   = {2},
  Pages                    = {179--200},
  Volume                   = {21},
  Publisher                = {Wiley Online Library}
}

@Article{bloemraad2008citizenship,
  Title                    = {Citizenship and immigration: Multiculturalism, assimilation, and challenges to the nation-state},
  Author                   = {Bloemraad, Irene and Korteweg, Anna and Yurdakul, G{\"o}k{\c{c}}e},
  Journal                  = {Annu. Rev. Sociol},
  Year                     = {2008},
  Pages                    = {153--179},
  Volume                   = {34},
  Publisher                = {Annual Reviews}
}

@Article{boehmke2009approaches,
  Title                    = {Approaches to Modeling the Adoption and Diffusion of Policies with Multiple Components},
  Author                   = {Boehmke, Frederick J},
  Journal                  = {State Politics \& Policy Quarterly},
  Year                     = {2009},
  Number                   = {2},
  Pages                    = {229--252},
  Volume                   = {9},
  Publisher                = {SAGE Publications}
}

@Article{boin2003public,
  Title                    = {Public leadership in times of crisis: mission impossible?},
  Author                   = {Boin, Arjen and Hart, Paul't},
  Journal                  = {Public Administration Review},
  Year                     = {2003},
  Number                   = {5},
  Pages                    = {544--553},
  Volume                   = {63},
  Publisher                = {Wiley Online Library}
}

@Article{bonabeau2002agent,
  Title                    = {Agent-based modeling: Methods and techniques for simulating human systems},
  Author                   = {Bonabeau, Eric},
  Journal                  = {Proceedings of the National Academy of Sciences},
  Year                     = {2002},
  Number                   = {suppl 3},
  Pages                    = {7280--7287},
  Volume                   = {99},
  Publisher                = {National Acad Sciences}
}

@Article{borgatti2003relational,
  Title                    = {A relational view of information seeking and learning in social networks},
  Author                   = {Borgatti, Stephen P and Cross, Rob},
  Journal                  = {Management science},
  Year                     = {2003},
  Number                   = {4},
  Pages                    = {432--445},
  Volume                   = {49},
  Publisher                = {INFORMS}
}

@Article{borst1997engineering,
  Title                    = {Engineering ontologies},
  Author                   = {Borst, Pim and Akkermans, Hans and Top, Jan},
  Journal                  = {International Journal of Human-Computer Studies},
  Year                     = {1997},
  Number                   = {2},
  Pages                    = {365--406},
  Volume                   = {46},
  Publisher                = {Elsevier}
}

@Book{borst1997construction,
  Title                    = {Construction of engineering ontologies for knowledge sharing and reuse},
  Author                   = {Borst, Willem Nico},
  Publisher                = {Universiteit Twente},
  Year                     = {1997}
}

@InProceedings{bots2007analysis,
  Title                    = {Analysis of multi-actor policy contexts using perception graphs},
  Author                   = {Bots, Pieter WG},
  Booktitle                = {Intelligent Agent Technology, 2007. IAT'07. IEEE/WIC/ACM International Conference on},
  Year                     = {2007},
  Organization             = {IEEE},
  Pages                    = {160--167}
}

@InCollection{bots2008benchmarking,
  Title                    = {Benchmarking in Dutch urban water management: an assessment},
  Author                   = {Bots, Pieter WG},
  Booktitle                = {Adaptive and Integrated Water Management},
  Publisher                = {Springer},
  Year                     = {2008},
  Pages                    = {277--300}
}

@Article{bots2000designing,
  Title                    = {Designing multi-criteria decision analysis processes for priority setting in health policy},
  Author                   = {Bots, Pieter WG and Hulshof, Jos{\'e}e AM},
  Journal                  = {Journal of Multi-Criteria Decision Analysis},
  Year                     = {2000},
  Number                   = {1-3},
  Pages                    = {56--75},
  Volume                   = {9}
}

@InProceedings{bots2000automatic,
  Title                    = {Automatic pattern detection in stakeholder networks},
  Author                   = {Bots, Pieter WG and Van Twist, Mark JW and Van Duin, JH Ron},
  Booktitle                = {System Sciences, 2000. Proceedings of the 33rd Annual Hawaii International Conference on},
  Year                     = {2000},
  Organization             = {IEEE},
  Pages                    = {10--pp}
}

@InCollection{bots2013designing,
  Title                    = {Designing the Policy Analysis Process},
  Author                   = {Bots, P. W. G.},
  Booktitle                = {Public Policy Analysis},
  Publisher                = {Springer},
  Year                     = {2013},
  Editor                   = {Thissen, W. A. H. and Walker, W. E.},
  Pages                    = {103--132},
  Volume                   = {179}
}

@Article{bovaird2008emergent,
  Title                    = {Emergent strategic management and planning mechanisms in complex adaptive systems: the case of the UK Best Value initiative},
  Author                   = {Bovaird, Tony},
  Journal                  = {Public Management Review},
  Year                     = {2008},
  Number                   = {3},
  Pages                    = {319--340},
  Volume                   = {10},
  Publisher                = {Taylor \& Francis}
}

@Article{brailsford2014discrete,
  Title                    = {Discrete-event simulation is alive and kicking!},
  Author                   = {Brailsford, Sally},
  Journal                  = {Journal of Simulation},
  Year                     = {2014},
  Number                   = {1},
  Pages                    = {1--8},
  Volume                   = {8},
  Publisher                = {Springer}
}

@Article{braun2006taking,
  Title                    = {Taking 'Galton's problem' seriously towards a theory of policy diffusion},
  Author                   = {Braun, Dietmar and Gilardi, Fabrizio},
  Journal                  = {Journal of theoretical politics},
  Year                     = {2006},
  Number                   = {3},
  Pages                    = {298--322},
  Volume                   = {18},
  Publisher                = {Sage Publications}
}

@Book{bridgman2004australian,
  Title                    = {The Australian policy handbook},
  Author                   = {Bridgman, Peter and Davis, Glyn},
  Publisher                = {Allen \& Unwin},
  Year                     = {2004}
}

@Article{brouwer2011towards,
  Title                    = {Towards adaptive management: examining the strategies of policy entrepreneurs in Dutch water management},
  Author                   = {Brouwer, Stijn and Biermann, Frank and others},
  Journal                  = {Ecology and Society},
  Year                     = {2011},
  Number                   = {4},
  Pages                    = {5},
  Volume                   = {16}
}

@InCollection{debruijn2013organizing,
  Title                    = {Organizing the Policy Analysis Process},
  Author                   = {de Bruijn, H. and ten Heuvelhof, E. F. and Enserink, B.},
  Booktitle                = {Public Policy Analysis},
  Publisher                = {Springer},
  Year                     = {2013},
  Editor                   = {Thissen, W. A. H. and Walker, W. E.},
  Pages                    = {133--150},
  Volume                   = {179}
}

@Article{brunner2008understanding,
  Title                    = {Understanding policy change: Multiple streams and emissions trading in Germany},
  Author                   = {Brunner, Steffen},
  Journal                  = {Global Environmental Change},
  Year                     = {2008},
  Number                   = {3},
  Pages                    = {501--507},
  Volume                   = {18},
  Publisher                = {Elsevier}
}

@Article{bussell2010get,
  Title                    = {Why get technical? Corruption and the politics of public service reform in the Indian states},
  Author                   = {Bussell, Jennifer L},
  Journal                  = {Comparative Political Studies},
  Year                     = {2010},
  Publisher                = {Sage Publications}
}

@Article{cairney2007using,
  Title                    = {Using devolution to set the agenda? Venue shift and the smoking ban in Scotland},
  Author                   = {Cairney, Paul},
  Journal                  = {The British Journal of Politics and International Relations},
  Year                     = {2007},
  Number                   = {1},
  Pages                    = {73--89},
  Volume                   = {9},
  Publisher                = {SAGE Publications}
}

@Article{cairney2009role,
  Title                    = {The role of ideas in policy transfer: the case of UK smoking bans since devolution},
  Author                   = {Cairney, Paul},
  Journal                  = {Journal of European public policy},
  Year                     = {2009},
  Number                   = {3},
  Pages                    = {471--488},
  Volume                   = {16},
  Publisher                = {Taylor \& Francis}
}

@Article{cairney2012complexity,
  Title                    = {Complexity theory in political science and public policy},
  Author                   = {Cairney, Paul},
  Journal                  = {Political Studies Review},
  Year                     = {2012},
  Number                   = {3},
  Pages                    = {346--358},
  Volume                   = {10},
  Publisher                = {SAGE Publications}
}

@Book{cairney2016politics,
  Title                    = {The Politics of Evidence-Based Policy Making},
  Author                   = {Cairney, Paul},
  Publisher                = {Springer},
  Year                     = {2016}
}

@Article{cashore2007punctuating,
  Title                    = {Punctuating which equilibrium? Understanding thermostatic policy dynamics in Pacific Northwest forestry},
  Author                   = {Cashore, Benjamin and Howlett, Michael},
  Journal                  = {American Journal of Political Science},
  Year                     = {2007},
  Number                   = {3},
  Pages                    = {532--551},
  Volume                   = {51},
  Publisher                = {Wiley Online Library}
}

@InProceedings{castelfranchi1998simulating,
  Title                    = {Simulating with cognitive agents: The importance of cognitive emergence},
  Author                   = {Castelfranchi, Cristiano},
  Booktitle                = {International Workshop on Multi-Agent Systems and Agent-Based Simulation},
  Year                     = {1998},
  Organization             = {Springer},
  Pages                    = {26--44}
}

@Misc{castells2000rise,
  Title                    = {The Rise of the Network Society, revised edition},
  Author                   = {Castells, Manuel},
  Year                     = {2000},
  Publisher                = {Oxford: Blackwell}
}

@Article{caudill1995discrete,
  Title                    = {A discrete-time hazard model of lottery adoption},
  Author                   = {Caudill, Steven B and Ford, Jon M and Mixon Jr, Franklin G and Peng, Ter Choa},
  Journal                  = {Applied Economics},
  Year                     = {1995},
  Number                   = {6},
  Pages                    = {555--561},
  Volume                   = {27},
  Publisher                = {Taylor \& Francis}
}

@Article{chaib1998relational,
  Title                    = {A relational model of cognitive maps},
  Author                   = {Chaib-Draa, Brahim and Desharnais, Jules},
  Journal                  = {International Journal of Human-Computer Studies},
  Year                     = {1998},
  Number                   = {2},
  Pages                    = {181--200},
  Volume                   = {49},
  Publisher                = {Elsevier}
}

@Article{cioffi2009simplicity,
  Title                    = {Simplicity and reality in computational modeling of politics},
  Author                   = {Cioffi-Revilla, Claudio},
  Journal                  = {Computational and Mathematical Organization Theory},
  Year                     = {2009},
  Number                   = {1},
  Pages                    = {26--46},
  Volume                   = {15},
  Publisher                = {Springer}
}

@Article{cohen1972garbage,
  Title                    = {A garbage can model of organizational choice},
  Author                   = {Cohen, Michael D and March, James G and Olsen, Johan P},
  Journal                  = {Administrative science quarterly},
  Year                     = {1972},
  Pages                    = {1--25},
  Publisher                = {JSTOR}
}

@Article{cohen2001role,
  Title                    = {The role of social structure in the maintenance of cooperative regimes},
  Author                   = {Cohen, Michael D and Riolo, Rick L and Axelrod, Robert},
  Journal                  = {Rationality and Society},
  Year                     = {2001},
  Number                   = {1},
  Pages                    = {5--32},
  Volume                   = {13},
  Publisher                = {Sage Publications}
}

@Article{contu2003re,
  Title                    = {Re-embedding situatedness: The importance of power relations in learning theory},
  Author                   = {Contu, Alessia and Willmott, Hugh},
  Journal                  = {Organization science},
  Year                     = {2003},
  Number                   = {3},
  Pages                    = {283--296},
  Volume                   = {14},
  Publisher                = {INFORMS}
}

@Article{cook1983media,
  Title                    = {Media and agenda setting: Effects on the public, interest group leaders, policy makers, and policy},
  Author                   = {Cook, Fay Lomax and Tyler, Tom R and Goetz, Edward G and Gordon, Margaret T and Protess, David and Leff, Donna R and Molotch, Harvey L},
  Journal                  = {Public Opinion Quarterly},
  Year                     = {1983},
  Number                   = {1},
  Pages                    = {16--35},
  Volume                   = {47},
  Publisher                = {AAPOR}
}

@Article{crawford1995grammar,
  Title                    = {A grammar of institutions},
  Author                   = {Crawford, Sue ES and Ostrom, Elinor},
  Journal                  = {American Political Science Review},
  Year                     = {1995},
  Number                   = {03},
  Pages                    = {582--600},
  Volume                   = {89},
  Publisher                = {Cambridge Univ Press}
}

@Article{crossan1999organizational,
  Title                    = {An Organizational Learning Framework: From Intuition to Institution},
  Author                   = {Crossan, Mary M and Lane, Henry W and White, Roderick E},
  Year                     = {1999},
  Publisher                = {JSTOR}
}

@Article{crossan1995organizational,
  Title                    = {Organizational learning: Dimensions for a theory},
  Author                   = {Crossan, Mary M and Lane, Henry W and White, Roderick E and Djurfeldt, Lisa},
  Journal                  = {The International Journal of Organizational Analysis},
  Year                     = {1995},
  Number                   = {4},
  Pages                    = {337--360},
  Volume                   = {3},
  Publisher                = {MCB UP Ltd}
}

@Book{van2012agent,
  Title                    = {Agent-based modelling of socio-technical systems},
  Author                   = {van Dam, Koen H and Nikolic, Igor and Lukszo, Zofia},
  Publisher                = {Springer Science \& Business Media},
  Year                     = {2012},
  Volume                   = {9}
}

@Article{dekker2004learning,
  Title                    = {Learning under pressure: The effects of politicization on organizational learning in public bureaucracies},
  Author                   = {Dekker, Sander and Hans{\'e}n, Dan},
  Journal                  = {Journal of public administration research and theory},
  Year                     = {2004},
  Number                   = {2},
  Pages                    = {211--230},
  Volume                   = {14},
  Publisher                = {PMRA}
}

@Book{martha1979policymaking,
  Title                    = {Policymaking for social security},
  Author                   = {Martha Derthick},
  Publisher                = {Brookings Institution Press},
  Year                     = {1979}
}

@Article{djerf2013green,
  Title                    = {Green metacycles of attention: Reassessing the attention cycles of environmental news reporting 1961--2010},
  Author                   = {Djerf-Pierre, Monika},
  Journal                  = {Public Understanding of Science},
  Year                     = {2013},
  Number                   = {4},
  Pages                    = {495--512},
  Volume                   = {22},
  Publisher                = {Sage Publications}
}

@Article{dolvsak2012diffusion,
  Title                    = {The Diffusion of market-based instruments: The case of air pollution},
  Author                   = {Dol{\v{s}}ak, Nives and Sampson, Karen},
  Journal                  = {Administration \& Society},
  Year                     = {2012},
  Number                   = {3},
  Pages                    = {310--342},
  Volume                   = {44},
  Publisher                = {Sage Publications Sage CA: Los Angeles, CA}
}

@Book{douglas1983risk,
  Title                    = {Risk and culture: An essay on the selection of technological and environmental dangers},
  Author                   = {Douglas, Mary and Wildavsky, Aaron},
  Publisher                = {Univ of California Press},
  Year                     = {1983}
}

@Article{dudley2007individuals,
  Title                    = {Individuals and the dynamics of policy learning: the case of the Third Battle of Newbury},
  Author                   = {Dudley, Geoffrey},
  Journal                  = {Public Administration},
  Year                     = {2007},
  Number                   = {2},
  Pages                    = {405--428},
  Volume                   = {85},
  Publisher                = {Wiley Online Library}
}

@Article{duina2004smoke,
  Title                    = {Smoke in your eyes: the struggle over tobacco control in the European Union},
  Author                   = {Duina, Francesco and Kurzer, Paulette},
  Journal                  = {Journal of European Public Policy},
  Year                     = {2004},
  Number                   = {1},
  Pages                    = {57--77},
  Volume                   = {11},
  Publisher                = {Taylor \& Francis}
}

@Article{dunlop2013systematising,
  Title                    = {Systematising policy learning: From monolith to dimensions},
  Author                   = {Dunlop, Claire A and Radaelli, Claudio M},
  Journal                  = {Political Studies},
  Year                     = {2013},
  Number                   = {3},
  Pages                    = {599--619},
  Volume                   = {61},
  Publisher                = {SAGE Publications}
}

@Article{dyck2005learning,
  Title                    = {Learning to build a car: an empirical investigation of organizational learning},
  Author                   = {Dyck, Bruno and Starke, Frederick A and Mischke, Gary A and Mauws, Michael},
  Journal                  = {Journal of Management Studies},
  Year                     = {2005},
  Number                   = {2},
  Pages                    = {387--416},
  Volume                   = {42},
  Publisher                = {Wiley Online Library}
}

@Article{ehrenfeld2000industrial,
  Title                    = {Industrial Ecology Paradigm Shift or Normal Science?},
  Author                   = {Ehrenfeld, John R},
  Journal                  = {American Behavioral Scientist},
  Year                     = {2000},
  Number                   = {2},
  Pages                    = {229--244},
  Volume                   = {44},
  Publisher                = {Sage Publications}
}

@Article{elmelund2008s,
  Title                    = {What's the fuss about? The interplay of media hypes and politics},
  Author                   = {Elmelund-Pr{\ae}stek{\ae}r, Christian and Wien, Charlotte},
  Journal                  = {The International Journal of Press/Politics},
  Year                     = {2008},
  Number                   = {3},
  Pages                    = {247--266},
  Volume                   = {13},
  Publisher                = {SAGE Publications}
}

@InCollection{enserink2013view,
  Title                    = {A Policy Sciences View on Policy Analysis},
  Author                   = {Enserink, Bert and Koppenjan, Joop F. M. and Mayer, Igor S.},
  Booktitle                = {Public Policy Analysis},
  Publisher                = {Springer},
  Year                     = {2013},
  Editor                   = {Thissen, W. A. H. and Walker, W. E.},
  Pages                    = {11--40},
  Volume                   = {179}
}

@Book{epstein2006generative,
  Title                    = {Generative social science: Studies in agent-based computational modeling},
  Author                   = {Epstein, Joshua M.},
  Publisher                = {Princeton University Press},
  Year                     = {2006}
}

@Book{epstein1996growing,
  Title                    = {Growing artificial societies: social science from the bottom up},
  Author                   = {Epstein, Joshua M. and Axtell, Robert},
  Publisher                = {Brookings Institution Press},
  Year                     = {1996}
}

@Article{eriksson2008acceptability,
  Title                    = {Acceptability of single and combined transport policy measures: The importance of environmental and policy specific beliefs},
  Author                   = {Eriksson, Louise and Garvill, J{\"o}rgen and Nordlund, Annika M},
  Journal                  = {Transportation Research Part A: Policy and Practice},
  Year                     = {2008},
  Number                   = {8},
  Pages                    = {1117--1128},
  Volume                   = {42},
  Publisher                = {Elsevier}
}

@Article{fazey2005learning,
  Title                    = {Learning more effectively from experience},
  Author                   = {Fazey, Ioan Raymond Albert and Fazey, John A and Fazey, Della MA},
  Journal                  = {Ecology and Society},
  Year                     = {2005}
}

@Article{fenselontologies,
  Title                    = {Ontologies: A silver bullet for knowledge management and electronic-commerce},
  Author                   = {Fensel, Dieter},
  Journal                  = {Berlin: Spring-Verlag},
  Year                     = {2000}
}

@Article{fiol1985organizational,
  Title                    = {Organizational learning},
  Author                   = {Fiol, C. Marlene and Lyles, Marjorie A.},
  Journal                  = {Academy of management review},
  Year                     = {1985},
  Number                   = {4},
  Pages                    = {803--813},
  Volume                   = {10},
  Publisher                = {Academy of Management}
}

@Article{fischer1989beyond,
  Title                    = {Beyond the rationality project: Policy analysis and the postpositive challenge},
  Author                   = {Fischer, Frank},
  Journal                  = {Policy Studies Journal},
  Year                     = {1989},
  Number                   = {4},
  Pages                    = {941--951},
  Volume                   = {17},
  Publisher                = {Wiley Online Library}
}

@Book{forester1993argumentative,
  Title                    = {The argumentative turn in policy analysis and planning},
  Author                   = {Fischer, F. and Forester, John},
  Publisher                = {Duke University Press},
  Year                     = {1993}
}

@Article{fowler2005dynamic,
  Title                    = {Dynamic Parties and Social Turnout: An Agent-Based Model1},
  Author                   = {Fowler, James H and Smirnov, Oleg},
  Journal                  = {American Journal of Sociology},
  Year                     = {2005},
  Number                   = {4},
  Pages                    = {1070--1094},
  Volume                   = {110},
  Publisher                = {JSTOR}
}

@Article{freeman2006learning,
  Title                    = {Learning in public policy},
  Author                   = {Freeman, Richard},
  Journal                  = {The Oxford handbook of public policy},
  Year                     = {2006},
  Pages                    = {367--388},
  Publisher                = {Oxford University Press Oxford}
}

@Book{friedrich1963man,
  Title                    = {Man and his government: An empirical theory of politics},
  Author                   = {Friedrich, Carl Joachim},
  Publisher                = {McGraw-Hill},
  Year                     = {1963}
}

@Book{gage1990strategies,
  Title                    = {Strategies for managing intergovernmental policies and networks},
  Author                   = {Gage, Robert W and Mandell, Myrna and Krane, Dale},
  Publisher                = {Praeger},
  Year                     = {1990}
}

@Article{gennari2003evolution,
  Title                    = {The evolution of Prot{\'e}g{\'e}: an environment for knowledge-based systems development},
  Author                   = {Gennari, John H and Musen, Mark A and Fergerson, Ray W and Grosso, William E and Crub{\'e}zy, Monica and Eriksson, Henrik and Noy, Natalya F and Tu, Samson W},
  Journal                  = {International Journal of Human-computer studies},
  Year                     = {2003},
  Number                   = {1},
  Pages                    = {89--123},
  Volume                   = {58},
  Publisher                = {Elsevier}
}

@Book{geyer2015handbook,
  Title                    = {Handbook on complexity and public policy},
  Author                   = {Geyer, Robert and Cairney, Paul},
  Publisher                = {Edward Elgar Publishing},
  Year                     = {2015}
}

@Article{ghorbani2013maia,
  Title                    = {MAIA: a framework for developing agent-based social simulations},
  Author                   = {Ghorbani, Amineh and Bots, Pieter and Dignum, Virginia and Dijkema, Gerard},
  Journal                  = {Journal of Artificial Societies and Social Simulation},
  Year                     = {2013},
  Number                   = {2},
  Pages                    = {9},
  Volume                   = {16}
}

@Article{grande1999transnational,
  Title                    = {Transnational cooperation and policy networks in European science policy-making},
  Author                   = {Grande, Edgar and Peschke, Anke},
  Journal                  = {Research Policy},
  Year                     = {1999},
  Number                   = {1},
  Pages                    = {43--61},
  Volume                   = {28},
  Publisher                = {Elsevier}
}

@Article{gray1973innovation,
  Title                    = {Innovation in the states: A diffusion study},
  Author                   = {Gray, Virginia},
  Journal                  = {American political science review},
  Year                     = {1973},
  Number                   = {04},
  Pages                    = {1174--1185},
  Volume                   = {67},
  Publisher                = {Cambridge Univ Press}
}

@Article{green2004advocacy,
  Title                    = {Advocacy coalitions and elite sport policy change in Canada and the United Kingdom},
  Author                   = {Green, Mick and Houlihan, Barrie},
  Journal                  = {International review for the sociology of sport},
  Year                     = {2004},
  Number                   = {4},
  Pages                    = {387--403},
  Volume                   = {39},
  Publisher                = {Sage Publications}
}

@Article{grin1996implementation,
  Title                    = {Implementation as communicative action},
  Author                   = {Grin, John and van De Graaf, Henk},
  Journal                  = {Policy Sciences},
  Year                     = {1996},
  Number                   = {4},
  Pages                    = {291--319},
  Volume                   = {29},
  Publisher                = {Springer}
}

@Article{grin200615,
  Title                    = {15 Theories of Policy Learning: Agency, Structure, and Change},
  Author                   = {Grin, John and Loeber, Anne},
  Journal                  = {Handbook of public policy analysis},
  Year                     = {2006},
  Pages                    = {201}
}

@Article{grin1996technology,
  Title                    = {Technology assessment as learning},
  Author                   = {Grin, John and Van de Graaf, Henk},
  Journal                  = {Science, technology \& human values},
  Year                     = {1996},
  Number                   = {1},
  Pages                    = {72--99},
  Volume                   = {21},
  Publisher                = {Sage Publications}
}

@Article{gruber1991role,
  Title                    = {The role of common ontology in achieving sharable, reusable knowledge bases},
  Author                   = {Gruber, Thomas R},
  Journal                  = {KR},
  Year                     = {1991},
  Pages                    = {601--602},
  Volume                   = {91}
}

@Article{gruber1995toward,
  Title                    = {Toward principles for the design of ontologies used for knowledge sharing?},
  Author                   = {Gruber, Thomas R},
  Journal                  = {International journal of human-computer studies},
  Year                     = {1995},
  Number                   = {5},
  Pages                    = {907--928},
  Volume                   = {43},
  Publisher                = {Elsevier}
}

@Article{gruber1993translation,
  Title                    = {A translation approach to portable ontology specifications},
  Author                   = {Gruber, Thomas R and others},
  Journal                  = {Knowledge acquisition},
  Year                     = {1993},
  Number                   = {2},
  Pages                    = {199--220},
  Volume                   = {5},
  Publisher                = {Citeseer}
}

@Article{gupta2012comparative,
  Title                    = {Comparative public policy: Using the comparative method to advance our understanding of the policy process},
  Author                   = {Gupta, Kuhika},
  Journal                  = {Policy Studies Journal},
  Year                     = {2012},
  Number                   = {s1},
  Pages                    = {11--26},
  Volume                   = {40},
  Publisher                = {Wiley Online Library}
}

@InCollection{hadzikadic2015complex,
  Title                    = {Using agent-based modelling to inform policy for complex domains},
  Author                   = {Hadzikadic, Misrad and Whitmeyer, Joseph and Carmichael, Ted},
  Booktitle                = {Handbook on Complexity and Public Policy},
  Publisher                = {Edward Elgar Publishing},
  Year                     = {2015},
  Chapter                  = {14},
  Editor                   = {Greyer, Robert and Cairney, Paul},
  Pages                    = {221-241}
}

@Article{hajer2003policy,
  Title                    = {Policy without polity? Policy analysis and the institutional void},
  Author                   = {Hajer, Maarten},
  Journal                  = {Policy sciences},
  Year                     = {2003},
  Number                   = {2},
  Pages                    = {175--195},
  Volume                   = {36},
  Publisher                = {Springer}
}

@Article{hall1993policy,
  Title                    = {Policy paradigms, social learning, and the state: the case of economic policymaking in Britain},
  Author                   = {Hall, Peter A},
  Journal                  = {Comparative politics},
  Year                     = {1993},
  Pages                    = {275--296},
  Publisher                = {JSTOR}
}

@Article{heath2009survey,
  Title                    = {A survey of agent-based modeling practices (January 1998 to July 2008)},
  Author                   = {Heath, Brian and Hill, Raymond and Ciarallo, Frank},
  Journal                  = {Journal of Artificial Societies and Social Simulation},
  Year                     = {2009},
  Number                   = {4},
  Pages                    = {9},
  Volume                   = {12}
}

@Book{heclo2010modern,
  Title                    = {Modern social politics in Britain and Sweden},
  Author                   = {Heclo, Hugh},
  Publisher                = {ECPR Press},
  Year                     = {2010}
}

@Article{heclo1972review,
  Title                    = {Policy analysis},
  Author                   = {Heclo, H Hugh},
  Journal                  = {British journal of political science},
  Year                     = {1972},
  Number                   = {01},
  Pages                    = {83--108},
  Volume                   = {2},
  Publisher                = {Cambridge Univ Press}
}

@Book{hedstrom1998social,
  Title                    = {Social mechanisms: An analytical approach to social theory},
  Author                   = {Hedstr{\"o}m, Peter and Swedberg, Richard},
  Publisher                = {Cambridge University Press},
  Year                     = {1998}
}

@Article{heikkila2013building,
  Title                    = {Building a conceptual approach to collective learning: Lessons for public policy scholars},
  Author                   = {Heikkila, Tanya and Gerlak, Andrea K},
  Journal                  = {Policy Studies Journal},
  Year                     = {2013},
  Number                   = {3},
  Pages                    = {484--512},
  Volume                   = {41},
  Publisher                = {Wiley Online Library}
}

@InCollection{helbing2012agent,
  Title                    = {Agent-based modeling},
  Author                   = {Helbing, Dirk},
  Booktitle                = {Social self-organization},
  Publisher                = {Springer},
  Year                     = {2012},
  Pages                    = {25--70}
}

@Article{henry2009challenge,
  Title                    = {The challenge of learning for sustainability: A prolegomenon to theory},
  Author                   = {Henry, Adam Douglas},
  Journal                  = {Human Ecology Review},
  Year                     = {2009},
  Number                   = {2},
  Pages                    = {131--140},
  Volume                   = {16}
}

@Article{henry2012understanding,
  Title                    = {Understanding environmental cognition},
  Author                   = {Henry, Adam Douglas and Dietz, Thomas},
  Journal                  = {Organization \& Environment},
  Year                     = {2012},
  Number                   = {3},
  Pages                    = {238--258},
  Volume                   = {25},
  Publisher                = {SAGE Publications}
}

@Article{henry2011belief,
  Title                    = {Belief systems and social capital as drivers of policy network structure: The case of California regional planning},
  Author                   = {Henry, Adam Douglas and Lubell, Mark and McCoy, Michael},
  Journal                  = {Journal of Public Administration Research and Theory},
  Year                     = {2011},
  Number                   = {3},
  Pages                    = {419--444},
  Volume                   = {21},
  Publisher                = {PMRA}
}

@Article{herder2008designing,
  Title                    = {Designing infrastructures using a complex systems perspective},
  Author                   = {Herder, Paulien M and Bouwmans, Ivo and Dijkema, Gerard PJ and Stikkelman, Rob M and Weijnen, Margot PC},
  Journal                  = {Journal of design research},
  Year                     = {2008},
  Number                   = {1},
  Pages                    = {17--34},
  Volume                   = {7},
  Publisher                = {Inderscience Publishers}
}

@Article{hershey2009we,
  Title                    = {What we know about voter-ID laws, registration, and turnout},
  Author                   = {Hershey, Marjorie Randon},
  Journal                  = {PS: Political Science \& Politics},
  Year                     = {2009},
  Number                   = {01},
  Pages                    = {87--91},
  Volume                   = {42},
  Publisher                = {Cambridge Univ Press}
}

@Article{herweg2015straightening,
  Title                    = {Straightening the three streams: Theorising extensions of the multiple streams framework},
  Author                   = {Herweg, Nicole and Hu{\ss}, Christian and Zohlnh{\"o}fer, Reimut},
  Journal                  = {European Journal of Political Research},
  Year                     = {2015},
  Number                   = {3},
  Pages                    = {435--449},
  Volume                   = {54},
  Publisher                = {Wiley Online Library}
}

@Book{hill2016public,
  Title                    = {The public policy process},
  Author                   = {Hill, Michael and Varone, Frederic},
  Publisher                = {Routledge},
  Year                     = {2016}
}

@Article{hoberg1996putting,
  Title                    = {Putting Ideas in their place: a response to "Learning and change in the British Columbia forest policy sector"},
  Author                   = {Hoberg, George},
  Journal                  = {Canadian journal of political science},
  Year                     = {1996},
  Number                   = {01},
  Pages                    = {135--144},
  Volume                   = {29},
  Publisher                = {Cambridge Univ Press}
}

@Article{hochschild2010there,
  Title                    = {"There's no one as Irish as Barack O'bama": the policy and politics of American multiracialism},
  Author                   = {Hochschild, Jennifer and Weaver, Vesla Mae},
  Journal                  = {Perspectives on Politics},
  Year                     = {2010},
  Number                   = {03},
  Pages                    = {737--759},
  Volume                   = {8},
  Publisher                = {Cambridge Univ Press}
}

@Book{hogwood1984policy,
  Title                    = {Policy analysis for the real world},
  Author                   = {Hogwood, Brian W and Gunn, Lewis A and others},
  Publisher                = {Oxford University Press Oxford},
  Year                     = {1984},
  Volume                   = {69}
}

@Article{holcomb2009architecture,
  Title                    = {Architecture of entrepreneurial learning: Exploring the link among heuristics, knowledge, and action},
  Author                   = {Holcomb, Tim R and Ireland, R Duane and Holmes Jr, R Michael and Hitt, Michael A},
  Journal                  = {Entrepreneurship Theory and Practice},
  Year                     = {2009},
  Number                   = {1},
  Pages                    = {167--192},
  Volume                   = {33},
  Publisher                = {Wiley Online Library}
}

@Book{holland1995hidden,
  Title                    = {Hidden order: How adaptation builds complexity},
  Author                   = {Holland, John Henry},
  Publisher                = {Basic Books},
  Year                     = {1995}
}

@Article{holsti1962belief,
  Title                    = {The belief system and national images: A case study},
  Author                   = {Holsti, Ole R},
  Journal                  = {Journal of Conflict Resolution},
  Year                     = {1962},
  Number                   = {3},
  Pages                    = {244--252},
  Volume                   = {6},
  Publisher                = {Sage Publications Sage CA: Thousand Oaks, CA}
}

@Article{howlett2009dependent,
  Title                    = {The dependent variable problem in the study of policy change: Understanding policy change as a methodological problem},
  Author                   = {Howlett, Michael and Cashore, Benjamin},
  Journal                  = {Journal of Comparative Policy Analysis},
  Year                     = {2009},
  Number                   = {1},
  Pages                    = {33--46},
  Volume                   = {11},
  Publisher                = {Taylor \& Francis}
}

@Article{howlett2015streams,
  Title                    = {Streams and stages: Reconciling Kingdon and policy process theory},
  Author                   = {Howlett, Michael and McConnell, Allan and Perl, Anthony},
  Journal                  = {European Journal of Political Research},
  Year                     = {2015},
  Number                   = {3},
  Pages                    = {419--434},
  Volume                   = {54},
  Publisher                = {Wiley Online Library}
}

@Article{howlett2002policy,
  Title                    = {The policy effects of internationalization: A subsystem adjustment analysis of policy change},
  Author                   = {Howlett, Michael and Ramesh, M},
  Journal                  = {Journal of Comparative Policy Analysis},
  Year                     = {2002},
  Number                   = {1},
  Pages                    = {31--50},
  Volume                   = {4},
  Publisher                = {Springer}
}

@Article{huber1991organizational,
  Title                    = {Organizational learning: The contributing processes and the literatures},
  Author                   = {Huber, George P},
  Journal                  = {Organization science},
  Year                     = {1991},
  Number                   = {1},
  Pages                    = {88--115},
  Volume                   = {2},
  Publisher                = {INFORMS}
}

@Book{huff1990mapping,
  Title                    = {Mapping strategic thought},
  Author                   = {Huff, Anne Sigismund},
  Publisher                = {John Wiley \& Sons},
  Year                     = {1990}
}

@Article{hysing2008contextualising,
  Title                    = {Contextualising the Advocacy Coalition Framework: theorising change in Swedish forest policy},
  Author                   = {Hysing, Erik and Olsson, Jan},
  Journal                  = {Environmental politics},
  Year                     = {2008},
  Number                   = {5},
  Pages                    = {730--748},
  Volume                   = {17},
  Publisher                = {Taylor \& Francis}
}

@Article{ingold2011network,
  Title                    = {Network structures within policy processes: Coalitions, power, and brokerage in Swiss climate policy},
  Author                   = {Ingold, Karin},
  Journal                  = {Policy Studies Journal},
  Year                     = {2011},
  Number                   = {3},
  Pages                    = {435--459},
  Volume                   = {39},
  Publisher                = {Wiley Online Library}
}

@Article{ingold2011treating,
  Title                    = {Treating policy brokers seriously: evidence from the climate policy},
  Author                   = {Ingold, Karin and Varone, Fr{\'e}d{\'e}ric},
  Journal                  = {Journal of Public Administration Research and Theory},
  Year                     = {2011},
  Pages                    = {mur035},
  Publisher                = {PMRA}
}

@Article{jann2007theories,
  Title                    = {Theories of the policy cycle},
  Author                   = {Jann, Werner and Wegrich, Kai},
  Journal                  = {Handbook of public policy analysis: Theory, politics and methods},
  Year                     = {2007},
  Pages                    = {43--62},
  Publisher                = {s), New York, CRC Press}
}

@Article{jenkins2014advocacy,
  Title                    = {The advocacy coalition framework: Foundations, evolution, and ongoing research},
  Author                   = {Jenkins-Smith, Hank C and Nohrstedt, Daniel and Weible, Christopher M and Sabatier, Paul A},
  Journal                  = {Theories of the policy process},
  Year                     = {2014},
  Volume                   = {3},
  Publisher                = {Westview Press Boulder}
}

@Article{jordan1981iron,
  Title                    = {Iron triangles, woolly corporatism and elastic nets: Images of the policy process},
  Author                   = {Jordan, A Grant},
  Journal                  = {Journal of public policy},
  Year                     = {1981},
  Number                   = {01},
  Pages                    = {95--123},
  Volume                   = {1},
  Publisher                = {Cambridge Univ Press}
}

@Article{jordan2013policy,
  Title                    = {Policy feedback and support for the welfare state},
  Author                   = {Jordan, Jason},
  Journal                  = {Journal of European Social Policy},
  Year                     = {2013},
  Number                   = {2},
  Pages                    = {134--148},
  Volume                   = {23},
  Publisher                = {SAGE Publications}
}

@Book{kickert1997managing,
  Title                    = {Managing complex networks: Strategies for the public sector},
  Author                   = {Kickert, Walter JM and Klijn, Erik-Hans and Koppenjan, Johannes Franciscus Maria},
  Publisher                = {Sage},
  Year                     = {1997}
}

@Article{kim1998link,
  Title                    = {The link between individual and organizational learning},
  Author                   = {Kim, Daniel H},
  Journal                  = {The strategic management of intellectual capital},
  Year                     = {1998},
  Pages                    = {41--62},
  Publisher                = {Butterworth-Heinemann Boston}
}

@Article{kim2003irresolvable,
  Title                    = {Irresolvable cultural conflicts and conservation/development arguments: Analysis of Korea's Saemangeum project},
  Author                   = {Kim, Seoyong},
  Journal                  = {Policy Sciences},
  Year                     = {2003},
  Number                   = {2},
  Pages                    = {125--149},
  Volume                   = {36},
  Publisher                = {Springer}
}

@Book{kingdon2003agendas,
  Title                    = {Agendas, alternatives, and public policies},
  Author                   = {Kingdon, John W},
  Publisher                = {Longman Pub Group},
  Year                     = {2003}
}

@Article{kitzinger1997rise,
  Title                    = {The Rise and Fall of Risk Reporting Media Coverage of Human Genetics Research, False Memory Syndrome' and 'Mad Cow Disease'},
  Author                   = {Kitzinger, Jenny and Reilly, Jacquie},
  Journal                  = {European journal of communication},
  Year                     = {1997},
  Number                   = {3},
  Pages                    = {319--350},
  Volume                   = {12},
  Publisher                = {Sage Publications}
}

@Article{klijn2008complexity,
  Title                    = {Complexity Theory and Public Administration: What's New? Key concepts in complexity theory compared to their counterparts in public administration research},
  Author                   = {Klijn, Erik-Hans},
  Journal                  = {Public Management Review},
  Year                     = {2008},
  Number                   = {3},
  Pages                    = {299--317},
  Volume                   = {10},
  Publisher                = {Taylor \& Francis}
}

@Article{knight2002network,
  Title                    = {Network learning: Exploring learning by interorganizational networks},
  Author                   = {Knight, Louise},
  Journal                  = {Human relations},
  Year                     = {2002},
  Number                   = {4},
  Pages                    = {427--454},
  Volume                   = {55},
  Publisher                = {Sage Publications}
}

@Article{kosicki1993problems,
  Title                    = {Problems and opportunities in agenda-setting research},
  Author                   = {Kosicki, Gerald M},
  Journal                  = {Journal of communication},
  Year                     = {1993},
  Number                   = {2},
  Pages                    = {100--127},
  Volume                   = {43},
  Publisher                = {Wiley Online Library}
}

@Article{krassa1988social,
  Title                    = {Social groups, selective perception, and behavioral contagion in public opinion},
  Author                   = {Krassa, Michael A},
  Journal                  = {Social Networks},
  Year                     = {1988},
  Number                   = {2},
  Pages                    = {109--136},
  Volume                   = {10},
  Publisher                = {Elsevier}
}

@Book{kuhn2012structure,
  Title                    = {The structure of scientific revolutions},
  Author                   = {Kuhn, Thomas S},
  Publisher                = {University of Chicago press},
  Year                     = {2012}
}

@Article{laffan1997policy,
  Title                    = {From policy entrepreneur to policy manager: the challenge facing the European Commission},
  Author                   = {Laffan, Brigid},
  Journal                  = {Journal of European Public Policy},
  Year                     = {1997},
  Number                   = {3},
  Pages                    = {422--438},
  Volume                   = {4},
  Publisher                = {Taylor \& Francis}
}

@Article{leifeld2013reconceptualizing,
  Title                    = {Reconceptualizing major policy change in the advocacy coalition framework: a discourse network analysis of German pension politics},
  Author                   = {Leifeld, Philip},
  Journal                  = {Policy Studies Journal},
  Year                     = {2013},
  Number                   = {1},
  Pages                    = {169--198},
  Volume                   = {41},
  Publisher                = {Wiley Online Library}
}

@Article{lester2000public,
  Title                    = {Public Policy},
  Author                   = {Lester, James and Stewart, Joseph},
  Journal                  = {Belmont, CA: Wadsworth},
  Year                     = {2000}
}

@Article{levinthal1993myopia,
  Title                    = {The myopia of learning},
  Author                   = {Levinthal, Daniel A and March, James G},
  Journal                  = {Strategic management journal},
  Year                     = {1993},
  Number                   = {S2},
  Pages                    = {95--112},
  Volume                   = {14},
  Publisher                = {Wiley Online Library}
}

@Article{levitt1988organizational,
  Title                    = {Organizational learning},
  Author                   = {Levitt, Barbara and March, James G},
  Journal                  = {Annual review of sociology},
  Year                     = {1988},
  Pages                    = {319--340},
  Publisher                = {JSTOR}
}

@Article{liao2008relationships,
  Title                    = {Relationships between knowledge inertia, organizational learning and organization innovation},
  Author                   = {Liao, Shu-hsien and Fei, Wu-Chen and Liu, Chih-Tang},
  Journal                  = {Technovation},
  Year                     = {2008},
  Number                   = {4},
  Pages                    = {183--195},
  Volume                   = {28},
  Publisher                = {Elsevier}
}

@Article{lindblom1959science,
  Title                    = {The science of "muddling through"},
  Author                   = {Lindblom, Charles E},
  Journal                  = {Public administration review},
  Year                     = {1959},
  Pages                    = {79--88},
  Publisher                = {JSTOR}
}

@Book{lindblom1965intelligence,
  Title                    = {The intelligence of democracy: Decision making through mutual adjustment},
  Author                   = {Lindblom, Charles Edward},
  Publisher                = {Free Pr},
  Year                     = {1965}
}

@Book{lindblom1968policy,
  Title                    = {The policy-making process},
  Author                   = {Lindblom, Charles Edward},
  Publisher                = {Prentice-Hall},
  Year                     = {1968}
}

@InCollection{adrian2015complexity,
  Title                    = {Complexity and real politics},
  Author                   = {Little, Adrian},
  Booktitle                = {Handbook on Complexity and Public Policy},
  Publisher                = {Edward Elgar Publishing},
  Year                     = {2015},
  Editor                   = {Greyer, Robert and Cairney, Paul},
  Pages                    = {32-47}
}

@Article{lord1979biased,
  Title                    = {Biased assimilation and attitude polarization: The effects of prior theories on subsequently considered evidence.},
  Author                   = {Lord, Charles G and Ross, Lee and Lepper, Mark R},
  Journal                  = {Journal of personality and social psychology},
  Year                     = {1979},
  Number                   = {11},
  Pages                    = {2098},
  Volume                   = {37},
  Publisher                = {American Psychological Association}
}

@Book{luhmann1995social,
  Title                    = {Social systems},
  Author                   = {Luhmann, Niklas},
  Publisher                = {Stanford University Press},
  Year                     = {1995}
}

@Article{macy2002factors,
  Title                    = {From factors to actors: Computational sociology and agent-based modeling},
  Author                   = {Macy, Michael W and Willer, Robert},
  Journal                  = {Annual review of sociology},
  Year                     = {2002},
  Pages                    = {143--166},
  Publisher                = {JSTOR}
}

@Article{mantzavinos2004learning,
  Title                    = {Learning, institutions, and economic performance},
  Author                   = {Mantzavinos, Chrysostomos and North, Douglass C and Shariq, Syed},
  Journal                  = {Perspectives on politics},
  Year                     = {2004},
  Number                   = {01},
  Pages                    = {75--84},
  Volume                   = {2},
  Publisher                = {Cambridge Univ Press}
}

@Article{markard2016socio,
  Title                    = {Socio-technical transitions and policy change--Advocacy coalitions in Swiss energy policy},
  Author                   = {Markard, Jochen and Suter, Marco and Ingold, Karin},
  Journal                  = {Environmental Innovation and Societal Transitions},
  Year                     = {2016},
  Pages                    = {215--237},
  Volume                   = {18},
  Publisher                = {Elsevier}
}

@PhdThesis{matti2009exploring,
  Title                    = {Exploring public policy legitimacy: a study of belief-system correspondence in Swedish environmental policy},
  Author                   = {Matti, Simon},
  School                   = {Lule{\aa} tekniska universitet},
  Year                     = {2009}
}

@Article{may1992policy,
  Title                    = {Policy learning and failure},
  Author                   = {May, Peter J},
  Journal                  = {Journal of public policy},
  Year                     = {1992},
  Pages                    = {331--354},
  Publisher                = {JSTOR}
}

@InBook{mayer2013perspectives,
  Title                    = {Perspectives on Policy Analysis: A Framework for Understanding and Design},
  Author                   = {Mayer, Igor S.
and van Daalen, C. Els
and Bots, Pieter W. G.},
  Editor                   = {Thissen, Wil A. H.
and Walker, Warren E.},
  Pages                    = {41--64},
  Publisher                = {Springer US},
  Year                     = {2013},
  Address                  = {Boston, MA},
  Booktitle                = {Public Policy Analysis: New Developments},
  Doi                      = {10.1007/978-1-4614-4602-6_3},
  ISBN                     = {978-1-4614-4602-6},
  Url                      = {http://dx.doi.org/10.1007/978-1-4614-4602-6_3}
}

@Article{mazarr2007iraq,
  Title                    = {The Iraq war and agenda setting},
  Author                   = {Mazarr, Michael J},
  Journal                  = {Foreign Policy Analysis},
  Year                     = {2007},
  Number                   = {1},
  Pages                    = {1--23},
  Volume                   = {3},
  Publisher                = {Wiley Online Library}
}

@Article{mcbeth2007intersection,
  Title                    = {The intersection of narrative policy analysis and policy change theory},
  Author                   = {McBeth, Mark K and Shanahan, Elizabeth A and Arnell, Ruth J and Hathaway, Paul L},
  Journal                  = {Policy Studies Journal},
  Year                     = {2007},
  Number                   = {1},
  Pages                    = {87--108},
  Volume                   = {35},
  Publisher                = {Wiley Online Library}
}

@Article{mccombs1972agenda,
  Title                    = {The agenda-setting function of mass media},
  Author                   = {McCombs, Maxwell E and Shaw, Donald L},
  Journal                  = {Public opinion quarterly},
  Year                     = {1972},
  Number                   = {2},
  Pages                    = {176--187},
  Volume                   = {36},
  Publisher                = {AAPOR}
}

@Article{mccool1998subsystem,
  Title                    = {The subsystem family of concepts: a critique and a proposal},
  Author                   = {McCool, Daniel},
  Journal                  = {Political Research Quarterly},
  Year                     = {1998},
  Number                   = {2},
  Pages                    = {551--570},
  Volume                   = {51},
  Publisher                = {Sage Publications}
}

@Article{mcpherson2001birds,
  Title                    = {Birds of a feather: Homophily in social networks},
  Author                   = {McPherson, Miller and Smith-Lovin, Lynn and Cook, James M},
  Journal                  = {Annual review of sociology},
  Year                     = {2001},
  Pages                    = {415--444},
  Publisher                = {JSTOR}
}

@Article{meijerink2005understanding,
  Title                    = {Understanding policy stability and change. the interplay of advocacy coalitions and epistemic communities, windows of opportunity, and Dutch coastal flooding policy 1945--2003 1},
  Author                   = {Meijerink, Sander},
  Journal                  = {Journal of European Public Policy},
  Year                     = {2005},
  Number                   = {6},
  Pages                    = {1060--1077},
  Volume                   = {12},
  Publisher                = {Taylor \& Francis}
}

@Article{meijerink2008explaining,
  Title                    = {Explaining continuity and change in international policies: Issue linkage, venue change, and learning on policies for the river Scheldt estuary 1967--2005},
  Author                   = {Meijerink, Sander},
  Journal                  = {Environment and Planning A},
  Year                     = {2008},
  Number                   = {4},
  Pages                    = {848--866},
  Volume                   = {40},
  Publisher                = {SAGE Publications}
}

@Article{mettler2002bringing,
  Title                    = {Bringing the state back in to civic engagement: Policy feedback effects of the GI Bill for World War II veterans},
  Author                   = {Mettler, Suzanne},
  Journal                  = {American Political Science Review},
  Year                     = {2002},
  Number                   = {02},
  Pages                    = {351--365},
  Volume                   = {96},
  Publisher                = {Cambridge Univ Press}
}

@Article{mettler2014policy,
  Title                    = {Policy feedback theory},
  Author                   = {Mettler, Suzanne and SoRelle, Mallory},
  Journal                  = {Theories of the policy process},
  Year                     = {2014},
  Pages                    = {151--181}
}

@Article{mettler2004consequences,
  Title                    = {The consequences of public policy for democratic citizenship: Bridging policy studies and mass politics},
  Author                   = {Mettler, Suzanne and Soss, Joe},
  Journal                  = {Perspectives on politics},
  Year                     = {2004},
  Number                   = {01},
  Pages                    = {55--73},
  Volume                   = {2},
  Publisher                = {Cambridge Univ Press}
}

@InProceedings{mika2004social,
  Title                    = {Social networks and the semantic web},
  Author                   = {Mika, Peter},
  Booktitle                = {Proceedings of the 2004 IEEE/WIC/ACM International Conference on Web Intelligence},
  Year                     = {2004},
  Organization             = {IEEE Computer Society},
  Pages                    = {285--291}
}

@Book{miller2009complex,
  Title                    = {Complex adaptive systems: An introduction to computational models of social life},
  Author                   = {Miller, John H and Page, Scott E},
  Publisher                = {Princeton university press},
  Year                     = {2009}
}

@Article{mintrom2009policy,
  Title                    = {Policy entrepreneurship and policy change},
  Author                   = {Mintrom, Michael and Norman, Phillipa},
  Journal                  = {Policy Studies Journal},
  Year                     = {2009},
  Number                   = {4},
  Pages                    = {649--667},
  Volume                   = {37},
  Publisher                = {Wiley Online Library}
}

@Article{mintrom1996advocacy,
  Title                    = {Advocacy coalitions, policy entrepreneurs, and policy change},
  Author                   = {Mintrom, Michael and Vergari, Sandra},
  Journal                  = {Policy studies journal},
  Year                     = {1996},
  Number                   = {3},
  Pages                    = {420--434},
  Volume                   = {24},
  Publisher                = {Wiley Online Library}
}

@Article{mintrom1998policy,
  Title                    = {Policy networks and innovation diffusion: The case of state education reforms},
  Author                   = {Mintrom, Michael and Vergari, Sandra},
  Journal                  = {The Journal of Politics},
  Year                     = {1998},
  Number                   = {01},
  Pages                    = {126--148},
  Volume                   = {60},
  Publisher                = {Cambridge Univ Press}
}

@Book{morccol2013complexity,
  Title                    = {A complexity theory for public policy},
  Author                   = {Mor{\c{c}}{\"o}l, G{\"o}ktu{\u{g}}},
  Publisher                = {Routledge},
  Year                     = {2013}
}

@Book{moran2008oxford,
  Title                    = {The Oxford handbook of public policy},
  Author                   = {Moran, Michael and Rein, Martin and Goodin, Robert E},
  Publisher                = {Oxford University Press},
  Year                     = {2008}
}

@Article{moyson2014individuals,
  Title                    = {The individuals in policy change: Policy learning in the liberalization of network industries in Belgium},
  Author                   = {Moyson, St{\'e}phane and others},
  Journal                  = {Louvain--la--Neuve: Universit{\'e} catholique de Louvain--la--Neuve},
  Year                     = {2014}
}

@Article{mucciaroni1992garbage,
  Title                    = {The garbage can model \& the study of policy making: A critique},
  Author                   = {Mucciaroni, Gary},
  Journal                  = {Polity},
  Year                     = {1992},
  Pages                    = {459--482},
  Publisher                = {JSTOR}
}

@Article{munro2002biased,
  Title                    = {Biased assimilation of sociopolitical arguments: Evaluating the 1996 US presidential debate},
  Author                   = {Munro, Geoffrey D and Ditto, Peter H and Lockhart, Lisa K and Fagerlin, Angela and Gready, Mitchell and Peterson, Elizabeth},
  Journal                  = {Basic and Applied Social Psychology},
  Year                     = {2002},
  Number                   = {1},
  Pages                    = {15--26},
  Volume                   = {24},
  Publisher                = {Taylor \& Francis}
}

@Article{naveh2006cognitively,
  Title                    = {A cognitively based simulation of academic science},
  Author                   = {Naveh, Isaac and Sun, Ron},
  Journal                  = {Computational \& Mathematical Organization Theory},
  Year                     = {2006},
  Number                   = {4},
  Pages                    = {313--337},
  Volume                   = {12},
  Publisher                = {Springer}
}

@Article{neuman1990threshold,
  Title                    = {The threshold of public attention},
  Author                   = {Neuman, W Russell},
  Journal                  = {Public Opinion Quarterly},
  Year                     = {1990},
  Number                   = {2},
  Pages                    = {159--176},
  Volume                   = {54},
  Publisher                = {AAPOR}
}

@Article{newig2010synapses,
  Title                    = {Synapses in the network: learning in governance networks in the context of environmental management},
  Author                   = {Newig, Jens and G{\"u}nther, Dirk and Pahl-Wostl, Claudia and others},
  Journal                  = {Ecology and Society},
  Year                     = {2010},
  Number                   = {4},
  Pages                    = {24},
  Volume                   = {15}
}

@Article{nicholson2009politics,
  Title                    = {The politics of diffusion: Public policy in the American states},
  Author                   = {Nicholson-Crotty, Sean},
  Journal                  = {The Journal of Politics},
  Year                     = {2009},
  Number                   = {01},
  Pages                    = {192--205},
  Volume                   = {71},
  Publisher                = {Cambridge Univ Press}
}

@Article{nisbet2006attention,
  Title                    = {Attention cycles and frames in the plant biotechnology debate managing power and participation through the press/policy connection},
  Author                   = {Nisbet, Matthew C and Huge, Mike},
  Journal                  = {The Harvard International Journal of Press/Politics},
  Year                     = {2006},
  Number                   = {2},
  Pages                    = {3--40},
  Volume                   = {11},
  Publisher                = {Sage Publications}
}

@Article{nohrstedt2005external,
  Title                    = {External shocks and policy change: Three Mile Island and Swedish nuclear energy policy},
  Author                   = {Nohrstedt, Daniel},
  Journal                  = {Journal of European Public Policy},
  Year                     = {2005},
  Number                   = {6},
  Pages                    = {1041--1059},
  Volume                   = {12},
  Publisher                = {Taylor \& Francis}
}

@Article{nohrstedt2008politics,
  Title                    = {The politics of crisis policymaking: Chernobyl and Swedish nuclear energy policy},
  Author                   = {Nohrstedt, Daniel},
  Journal                  = {Policy Studies Journal},
  Year                     = {2008},
  Number                   = {2},
  Pages                    = {257--278},
  Volume                   = {36},
  Publisher                = {Wiley Online Library}
}

@Article{nohrstedt2010advocacy,
  Title                    = {Do advocacy coalitions matter? Crisis and change in Swedish nuclear energy policy},
  Author                   = {Nohrstedt, Daniel},
  Journal                  = {Journal of public administration research and theory},
  Year                     = {2010},
  Number                   = {2},
  Pages                    = {309--333},
  Volume                   = {20},
  Publisher                = {PMRA}
}

@Article{nohrstedt2010logic,
  Title                    = {The logic of policy change after crisis: Proximity and subsystem interaction},
  Author                   = {Nohrstedt, Daniel and Weible, Christopher M},
  Journal                  = {Risk, Hazards \& Crisis in Public Policy},
  Year                     = {2010},
  Number                   = {2},
  Pages                    = {1--32},
  Volume                   = {1},
  Publisher                = {Wiley Online Library}
}

@Article{nonaka1994dynamic,
  Title                    = {A dynamic theory of organizational knowledge creation},
  Author                   = {Nonaka, Ikujiro},
  Journal                  = {Organization science},
  Year                     = {1994},
  Number                   = {1},
  Pages                    = {14--37},
  Volume                   = {5},
  Publisher                = {INFORMS}
}

@Article{o1988strategies,
  Title                    = {Strategies for intergovernmental management: Implementing programs in interorganizational networks},
  Author                   = {O'Toole Jr, Laurence J},
  Journal                  = {International Journal of Public Administration},
  Year                     = {1988},
  Number                   = {4},
  Pages                    = {417--441},
  Volume                   = {11},
  Publisher                = {Taylor \& Francis}
}

@Book{ohlsson2011deep,
  Title                    = {Deep learning: How the mind overrides experience},
  Author                   = {Ohlsson, Stellan},
  Publisher                = {Cambridge University Press},
  Year                     = {2011}
}

@Book{ostrom1995understanding,
  Title                    = {Understanding institutional diversity},
  Author                   = {Ostrom, Elinor},
  Publisher                = {Princeton University Press Princeton, New Jersey},
  Year                     = {1995}
}

@Book{palumbo1987symposium,
  Title                    = {Symposium: Implementation: What we have learned and still need to know},
  Author                   = {Palumbo, Dennis James and Calista, Donald J},
  Publisher                = {Policy Studies Organization},
  Year                     = {1987},
  Number                   = {1},
  Volume                   = {7}
}

@Article{pierce2011coalition,
  Title                    = {Coalition stability and belief change: Advocacy coalitions in US Foreign policy and the creation of Israel, 1922--44},
  Author                   = {Pierce, Jonathan J},
  Journal                  = {Policy Studies Journal},
  Year                     = {2011},
  Number                   = {3},
  Pages                    = {411--434},
  Volume                   = {39},
  Publisher                = {Wiley Online Library}
}

@Article{pierson1993effect,
  Title                    = {When effect becomes cause: Policy feedback and political change},
  Author                   = {Pierson, Paul},
  Journal                  = {World politics},
  Year                     = {1993},
  Number                   = {04},
  Pages                    = {595--628},
  Volume                   = {45},
  Publisher                = {Cambridge Univ Press}
}

@Article{radaelli1999harmful,
  Title                    = {Harmful tax competition in the EU: policy narratives and advocacy coalitions},
  Author                   = {Radaelli, Claudio M},
  Journal                  = {JCMS: Journal of Common Market Studies},
  Year                     = {1999},
  Number                   = {4},
  Pages                    = {661--682},
  Volume                   = {37},
  Publisher                = {Wiley Online Library}
}

@Article{rahmatian1989toward,
  Title                    = {Toward an information-based theory of irrational systems behavior},
  Author                   = {Rahmatian, Sasan and Hiatt, Charlotte},
  Journal                  = {Systems Research},
  Year                     = {1989},
  Number                   = {1},
  Pages                    = {7--16},
  Volume                   = {6},
  Publisher                = {Wiley Online Library}
}

@Article{rapaport2009puzzle,
  Title                    = {The Puzzle of the Diffusion of Central-Bank Independence Reforms: Insights from an Agent-Based Simulation},
  Author                   = {Rapaport, Orit and Levi-Faur, David and Miodownik, Dan},
  Journal                  = {Policy Studies Journal},
  Year                     = {2009},
  Number                   = {4},
  Pages                    = {695--716},
  Volume                   = {37},
  Publisher                = {Wiley Online Library}
}

@Article{richardson2000government,
  Title                    = {Government, interest groups and policy change},
  Author                   = {Richardson, Jeremy},
  Journal                  = {Political studies},
  Year                     = {2000},
  Number                   = {5},
  Pages                    = {1006--1025},
  Volume                   = {48},
  Publisher                = {SAGE Publications}
}

@Article{ripberger2011cultural,
  Title                    = {How cultural orientations create shifting national security coalitions on nuclear weapons and terrorist threats in the American public},
  Author                   = {Ripberger, Joseph T and Jenkins-Smith, Hank C and Herron, Kerry G},
  Journal                  = {PS: Political Science \& Politics},
  Year                     = {2011},
  Number                   = {04},
  Pages                    = {715--719},
  Volume                   = {44},
  Publisher                = {Cambridge Univ Press}
}

@InCollection{room2015complexity,
  Title                    = {Complexity, power and policy},
  Author                   = {Room, Graham},
  Booktitle                = {Handbook on Complexity and Public Policy},
  Publisher                = {Edward Elgar Publishing},
  Year                     = {2015},
  Chapter                  = {2},
  Editor                   = {Greyer, Robert and Cairney, Paul},
  Pages                    = {19-31}
}

@Article{ross1973economic,
  Title                    = {The economic theory of agency: The principal's problem},
  Author                   = {Ross, Stephen A},
  Journal                  = {The American Economic Review},
  Year                     = {1973},
  Number                   = {2},
  Pages                    = {134--139},
  Volume                   = {63},
  Publisher                = {JSTOR}
}

@Book{sabatier1993policy,
  Title                    = {Policy change and learning: An advocacy coalition approach},
  Author                   = {Sabatier, Paul A and Jenkins-Smith, Hank C},
  Publisher                = {Westview Pr},
  Year                     = {1993}
}

@Book{sabatier2014theories,
  Title                    = {Theories of the policy process},
  Author                   = {Sabatier, Paul A and Weible, Christopher},
  Publisher                = {Westview Press},
  Year                     = {2014}
}

@InProceedings{sanchez2002exploring,
  Title                    = {Exploring the world of agent-based simulations: simple models, complex analyses: exploring the world of agent-based simulations: simple models, complex analyses},
  Author                   = {Sanchez, Susan M and Lucas, Thomas W},
  Booktitle                = {Proceedings of the 34th conference on Winter simulation: exploring new frontiers},
  Year                     = {2002},
  Organization             = {Winter Simulation Conference},
  Pages                    = {116--126}
}

@Article{schneider1988systematically,
  Title                    = {Systematically pinching ideas: A comparative approach to policy design},
  Author                   = {Schneider, Anne and Ingram, Helen},
  Journal                  = {Journal of public policy},
  Year                     = {1988},
  Number                   = {01},
  Pages                    = {61--80},
  Volume                   = {8},
  Publisher                = {Cambridge Univ Press}
}

@Article{schumacher2012social,
  Title                    = {Why do social democrats retrench the welfare state? A simulation},
  Author                   = {Schumacher, Gijs and Vis, Barbara},
  Journal                  = {Journal of Artificial Societies and Social Simulation},
  Year                     = {2012},
  Number                   = {3},
  Pages                    = {4},
  Volume                   = {15}
}

@Article{siebers2010discrete,
  Title                    = {Discrete-event simulation is dead, long live agent-based simulation!},
  Author                   = {Siebers, Peer-Olaf and Macal, Charles M and Garnett, Jeremy and Buxton, D and Pidd, Michael},
  Journal                  = {Journal of Simulation},
  Year                     = {2010},
  Number                   = {3},
  Pages                    = {204--210},
  Volume                   = {4},
  Publisher                = {Springer}
}

@InCollection{simon1955behavioral,
  Title                    = {A behavioral model of rational choice},
  Author                   = {Simon, Herbert A},
  Booktitle                = {Models of man, social and rational: mathematical essays on rational human behavior in a social setting},
  Publisher                = {Willey},
  Year                     = {1955},
  Address                  = {New York},
  Pages                    = {99--118},
  Journal                  = {The quarterly journal of economics}
}

@Article{simon1976administrative,
  Title                    = {Administrative behavior; a study of decision-making processes in administrative organization},
  Author                   = {Simon, Herbert Alexander},
  Year                     = {1976},
  Publisher                = {New York, NY (USA) Free Press}
}

@Article{skocpol1999bringing,
  Title                    = {Bringing the state back in},
  Author                   = {Skocpol, Theda and Evans, Peter and Rueschemeyer, Dietrich},
  Journal                  = {Cambridge},
  Year                     = {1999}
}

@Article{sotirov2012advocacy,
  Title                    = {The Advocacy Coalition Framework in natural resource policy studies - Recent experiences and further prospects},
  Author                   = {Sotirov, Metodi and Memmler, Michael},
  Journal                  = {Forest policy and economics},
  Year                     = {2012},
  Pages                    = {51--64},
  Volume                   = {16},
  Publisher                = {Elsevier}
}

@Article{steg2005factors,
  Title                    = {Factors influencing the acceptability of energy policies: A test of VBN theory},
  Author                   = {Steg, Linda and Dreijerink, Lieke and Abrahamse, Wokje},
  Journal                  = {Journal of environmental psychology},
  Year                     = {2005},
  Number                   = {4},
  Pages                    = {415--425},
  Volume                   = {25},
  Publisher                = {Elsevier}
}

@Article{stern2000new,
  Title                    = {New environmental theories: toward a coherent theory of environmentally significant behavior},
  Author                   = {Stern, Paul C},
  Journal                  = {Journal of social issues},
  Year                     = {2000},
  Number                   = {3},
  Pages                    = {407--424},
  Volume                   = {56},
  Publisher                = {Wiley Online Library}
}

@Book{stewart2007public,
  Title                    = {Public policy: An evolutionary approach},
  Author                   = {Stewart Jr, Joseph and Hedge, David and Lester, James P},
  Publisher                = {Nelson Education},
  Year                     = {2007}
}

@Article{berry1999innovation,
  Title                    = {Innovation and diffusion models in policy research},
  Author                   = {Stokes Berry, Frances and Berry, William D},
  Journal                  = {Theories of the policy process},
  Year                     = {1999},
  Volume                   = {169},
  Publisher                = {Westview Press Boulder, CO}
}

@InProceedings{taeihagh2014towards,
  Title                    = {Towards Proactive and Flexible Agent-Based Generation of Policy Packages for Active Transportation},
  Author                   = {Taeihagh, Araz and Ba{\~n}ares-Alc{\'a}ntara, Ren{\'e}},
  Booktitle                = {2014 47th Hawaii International Conference on System Sciences},
  Year                     = {2014},
  Organization             = {IEEE},
  Pages                    = {895--904}
}

@Article{taeihagh2014virtual,
  Title                    = {A virtual environment for the formulation of policy packages},
  Author                   = {Taeihagh, Araz and Ba{\~n}ares-Alc{\'a}ntara, Ren{\'e} and Givoni, Moshe},
  Journal                  = {Transportation Research Part A: Policy and Practice},
  Year                     = {2014},
  Pages                    = {53--68},
  Volume                   = {60},
  Publisher                = {Elsevier}
}

@Article{taeihagh2009development,
  Title                    = {Development of a novel framework for the design of transport policies to achieve environmental targets},
  Author                   = {Taeihagh, Araz and Ba{\~n}ares-Alc{\'a}ntara, Ren{\'e} and Millican, Claire},
  Journal                  = {Computers \& Chemical Engineering},
  Year                     = {2009},
  Number                   = {10},
  Pages                    = {1531--1545},
  Volume                   = {33},
  Publisher                = {Elsevier}
}

@Article{taeihagh2013policy,
  Title                    = {Which policy first? A network-centric approach for the analysis and ranking of policy measures},
  Author                   = {Taeihagh, Araz and Givoni, Moshe and Ba{\~n}ares-Alc{\'a}ntara, Ren{\'e}},
  Journal                  = {Environment and Planning B: Planning and Design},
  Year                     = {2013},
  Number                   = {4},
  Pages                    = {595--616},
  Volume                   = {40},
  Publisher                = {SAGE Publications}
}

@Article{teisman2000models,
  Title                    = {Models for research into decision-makingprocesses: on phases, streams and decision-making rounds},
  Author                   = {Teisman, Geert R},
  Journal                  = {Public administration},
  Year                     = {2000},
  Number                   = {4},
  Pages                    = {937--956},
  Volume                   = {78},
  Publisher                = {Wiley Online Library}
}

@Book{thissen2013public,
  Title                    = {Public Policy Analysis},
  Author                   = {Thissen, Wil AH and Walker, Warren E},
  Publisher                = {Springer},
  Year                     = {2013}
}

@InCollection{thissen2013diagnosing,
  Title                    = {Diagnosing Policy Problem Situations},
  Author                   = {Thissen, W. A. H.},
  Booktitle                = {Public Policy Analysis},
  Publisher                = {Springer},
  Year                     = {2013},
  Editor                   = {Thissen, W. A. H. and Walker, W. E.},
  Pages                    = {65--102},
  Volume                   = {179}
}

@Article{travis2002multiple,
  Title                    = {A multiple streams model of US foreign aid policy},
  Author                   = {Travis, Rick and Zahariadis, Nikolaos},
  Journal                  = {Policy Studies Journal},
  Year                     = {2002},
  Number                   = {4},
  Pages                    = {495--514},
  Volume                   = {30},
  Publisher                = {Wiley Online Library}
}

@Article{tsebelis1995decision,
  Title                    = {Decision making in political systems: Veto players in presidentialism, parliamentarism, multicameralism and multipartyism},
  Author                   = {Tsebelis, George},
  Journal                  = {British journal of political science},
  Year                     = {1995},
  Number                   = {03},
  Pages                    = {289--325},
  Volume                   = {25},
  Publisher                = {Cambridge Univ Press}
}

@Book{tsebelis2002veto,
  Title                    = {Veto players: How political institutions work},
  Author                   = {Tsebelis, George},
  Publisher                = {Princeton University Press},
  Year                     = {2002}
}

@Article{van1993domestic,
  Title                    = {Domestic imperatives and rational models of foreign policy decision making},
  Author                   = {Van Belle, Douglas},
  Journal                  = {The limits of state autonomy: Societal groups and foreign policy formulation},
  Year                     = {1993},
  Pages                    = {151--183}
}

@Article{van2000new,
  Title                    = {New York Times and network TV news coverage of foreign disasters: The significance of the insignificant variables},
  Author                   = {Van Belle, Douglas A},
  Journal                  = {Journalism \& Mass Communication Quarterly},
  Year                     = {2000},
  Number                   = {1},
  Pages                    = {50--70},
  Volume                   = {77},
  Publisher                = {SAGE Publications}
}

@Book{van2009capturing,
  Title                    = {Capturing socio-technical systems with agent-based modelling},
  Author                   = {Van Dam, Koen Hazi{\"e}l},
  Publisher                = {TU Delft, Delft University of Technology},
  Year                     = {2009}
}

@Article{vasterman2005media,
  Title                    = {Media-hype self-reinforcing news waves, journalistic standards and the construction of social problems},
  Author                   = {Vasterman, Peter LM},
  Journal                  = {European Journal of Communication},
  Year                     = {2005},
  Number                   = {4},
  Pages                    = {508--530},
  Volume                   = {20},
  Publisher                = {Sage Publications}
}

@Article{waldherr2014emergence,
  Title                    = {Emergence of news waves: A social simulation approach},
  Author                   = {Waldherr, Annie},
  Journal                  = {Journal of Communication},
  Year                     = {2014},
  Number                   = {5},
  Pages                    = {852--873},
  Volume                   = {64},
  Publisher                = {Wiley Online Library}
}

@Article{walker1969diffusion,
  Title                    = {The diffusion of innovations among the American states},
  Author                   = {Walker, Jack L},
  Journal                  = {American political science review},
  Year                     = {1969},
  Number                   = {03},
  Pages                    = {880--899},
  Volume                   = {63},
  Publisher                = {Cambridge Univ Press}
}

@Article{walker2000innovation,
  Title                    = {Innovation type and diffusion: An empirical analysis of local government},
  Author                   = {Walker, Richard M},
  Journal                  = {Public administration},
  Year                     = {2006},
  Number                   = {2},
  Pages                    = {311--335},
  Volume                   = {84},
  Publisher                = {Wiley Online Library}
}

@Article{walker2000policy,
  Title                    = {Policy analysis: a systematic approach to supporting policymaking in the public sector},
  Author                   = {Walker, Warren E},
  Journal                  = {Journal of Multicriteria Decision Analysis},
  Year                     = {2000},
  Number                   = {1-3},
  Pages                    = {11},
  Volume                   = {9},
  Publisher                = {Wiley Periodicals Inc.}
}

@Article{watts1998collective,
  Title                    = {Collective dynamics of 'small-world' networks},
  Author                   = {Watts, Duncan J and Strogatz, Steven H},
  Journal                  = {nature},
  Year                     = {1998},
  Number                   = {6684},
  Pages                    = {440--442},
  Volume                   = {393},
  Publisher                = {Nature Publishing Group}
}

@Article{weible2008expert,
  Title                    = {Expert-based information and policy subsystems: a review and synthesis},
  Author                   = {Weible, Christopher M},
  Journal                  = {Policy Studies Journal},
  Year                     = {2008},
  Number                   = {4},
  Pages                    = {615--635},
  Volume                   = {36},
  Publisher                = {Wiley Online Library}
}

@Article{weible2009themes,
  Title                    = {Themes and variations: Taking stock of the advocacy coalition framework},
  Author                   = {Weible, Christopher M and Sabatier, Paul A and McQueen, Kelly},
  Journal                  = {Policy Studies Journal},
  Year                     = {2009},
  Number                   = {1},
  Pages                    = {121--140},
  Volume                   = {37},
  Publisher                = {Wiley Online Library}
}

@Article{williams2009exogenous,
  Title                    = {Exogenous shocks in subsystem adjustment and policy change: the credit crunch and Canadian banking regulation},
  Author                   = {Williams, Russell Alan},
  Journal                  = {Journal of Public Policy},
  Year                     = {2009},
  Number                   = {01},
  Pages                    = {29--53},
  Volume                   = {29},
  Publisher                = {Cambridge Univ Press}
}

@Book{williamson1996mechanisms,
  Title                    = {The mechanisms of governance},
  Author                   = {Williamson, Oliver E},
  Publisher                = {Oxford University Press},
  Year                     = {1996}
}

@Article{witting2012role,
  Title                    = {The role of expertise in policy development: Towards a De-carbonized British road transport Infrastructure},
  Author                   = {Witting, Antje},
  Year                     = {2012}
}

@Article{wyner2011modelling,
  Title                    = {Modelling Policy-making (MPM 2011)},
  Author                   = {Wyner, Adam and Benn, Neil},
  Year                     = {2011}
}

@Book{zahariadis2003ambiguity,
  Title                    = {Ambiguity and choice in public policy: Political decision making in modern democracies},
  Author                   = {Zahariadis, Nikolaos},
  Publisher                = {Georgetown university press},
  Year                     = {2003}
}

@Article{zahariadis2007multiple,
  Title                    = {The multiple streams framework: Structure, limitations, prospects},
  Author                   = {Zahariadis, Nikolaos},
  Journal                  = {Theories of the policy process},
  Year                     = {2007},
  Pages                    = {65--92},
  Volume                   = {2},
  Publisher                = {Westview Press Boulder}
}

@Article{zahariadis2014ambiguity,
  Title                    = {Ambiguity and multiple streams},
  Author                   = {Zahariadis, Nikolaos},
  Journal                  = {Theories of the policy process},
  Year                     = {2014},
  Pages                    = {25--58}
}

@Article{zohlnhofer2009politics,
  Title                    = {How politics matter when policies change: Understanding policy change as a political problem},
  Author                   = {Zohlnh{\"o}fer, Reimut},
  Journal                  = {Journal of Comparative Policy Analysis},
  Year                     = {2009},
  Number                   = {1},
  Pages                    = {97--115},
  Volume                   = {11},
  Publisher                = {Taylor \& Francis}
}

